@misc{chemie.de,
  author = {chemie.de},
  title = {Magnetisches Moment},
  howpublished = {\url{https://www.chemie.de/lexikon/Magnetisches_Moment.html}},
  note = {Accessed: 2025-08-15}
}

@misc{rptu,
    author = {RPTU},
    title = {Was ist Spin?},
    howpublished ={\url{https://rptu.de/trr173/sfb-spin-x/was-ist-spin-x/was-ist-spin}}, 
    note ={Accessed: 2025-08-15}
}

@misc{chemie.de_2,
  author = {chemie.de},
  title = {Spin},
  howpublished = {\url{https://www.chemie.de/lexikon/Spin.html}},
  note = {Accessed: 2025-08-18}
}

@misc{sdw,
  author = {spektrum.de},
  title = {Spinpräzession},
  howpublished = {\url{https://www.spektrum.de/lexikon/physik/spinpraezession/13651}},
  note = {Accessed: 2025-08-18}
}

@misc{tech,
  author = {techniklexikon.net},
  title = {Spinpräzession},
  howpublished = {\url{http://www.techniklexikon.net/d/spinpräzession/spinpräzession.html}},
  note = {Accessed: 2025-08-18}
}

@misc{dm,
  author = {univie},
  title = {Density Matrices},
  howpublished = {\url{https://homepage.univie.ac.at/reinhold.bertlmann/pdfs/T2_Skript_Ch_9corr.pdf}},
  note = {Accessed: 2025-08-18}
}

@misc{tss,
  author = {B. Zwiebach},
  title = {Two State Systems},
  howpublished = {\url{https://ocw.mit.edu/courses/8-05-quantum-physics-ii-fall-2013/7c376a3b5b27e5ea586a7e37b85a05d3_MIT8_05F13_Chap_07.pdf}},
  note = {Accessed: 2025-08-18}
}

@book{Dem,
    author = {{W}olfgang {D}emtröder},
    title = {Experimentalphysik 3},
    subtitle = {Atome, Moleküle und Festkörper},
    publisher = {Springer Spektrum},
    edition = {5},
    year = {2016},
    isbn = {978-3-662-49093-8}
}